@INPROCEEDINGS{aboulnaga-99 ,
    author = {Ashraf Aboulnaga and Surajit Chaudhuri},
    title = {Self-tuning histograms: Building histograms without looking at data},
    booktitle = {},
    year = {1999},
    pages = {181--192}
}






@article{astrahan-76,
  author    = {Morton M. Astrahan and
               Mike W. Blasgen and
               Donald D. Chamberlin and
               Kapali P. Eswaran and
               Jim Gray and
               Patricia P. Griffiths and
               W. Frank King III and
               Raymond A. Lorie and
               Paul R. McJones and
               James W. Mehl and
               Gianfranco R. Putzolu and
               Irving L. Traiger and
               Bradford W. Wade and
               Vera Watson},
  title     = {System {R}: Relational Approach to Database Management},
  journal   = {ACM Trans. Database Syst.},
  volume    = {1},
  number    = {2},
  year      = {1976},
  pages     = {97-137},
  ee        = {http://doi.acm.org/10.1145/320455.320457, db/journals/tods/AstrahanBCEGGKLMMPTWW76.html},
  bibsource = {DBLP, http://dblp.uni-trier.de}
}


@article{garcia-03,
author = {Daniel F. Garc\'{i}a and Javier Garc\'{i}a},
title = {{TPC-W} E-Commerce Benchmark Evaluation},
journal ={Computer},
volume = {36},
number = {2},
issn = {0018-9162},
year = {2003},
pages = {42-48},
doi = {http://doi.ieeecomputersociety.org/10.1109/MC.2003.1178045},
publisher = {IEEE Computer Society},
address = {Los Alamitos, CA, USA},
}





@article{christodoulakis-84,
 author = {S. Christodoulakis},
 title = {Implications of certain assumptions in database performance evauation},
 journal = {ACM Trans. Database Syst.},
 volume = {9},
 number = {2},
 year = {1984},
 issn = {0362-5915},
 pages = {163--186},
 doi = {http://doi.acm.org/10.1145/329.318578},
 publisher = {ACM},
 address = {New York, NY, USA},
 }
 



@article{chen-94,
 author = {Chungmin Melvin Chen and Nick Roussopoulos},
 title = {Adaptive selectivity estimation using query feedback},
 journal = {SIGMOD Rec.},
 volume = {23},
 number = {2},
 year = {1994},
 issn = {0163-5808},
 pages = {161--172},
 doi = {http://doi.acm.org/10.1145/191843.191874},
 publisher = {ACM},
 address = {New York, NY, USA},
 }
 
 @INPROCEEDINGS{gibbons-97,
    author = {Phillip B. Gibbons and Yossi Matias and Viswanath Poosala},
    title = {Fast Incremental Maintenance of Approximate Histograms},
    booktitle = {},
    year = {1997},
    pages = {466--475}
}




@ARTICLE{ionnadis-95,
    author = {Yannis Ioannidis and Viswanath Poosala},
    title = {Histogram-Based Solutions to Diverse Database Estimation Problems},
    journal = {Data Engineering Bulletin},
    year = {1995},
    volume = {18},
    pages = {10--18}
}


 @inproceedings{ionnadis-03,
 author = {Yannis Ioannidis},
 title = {The history of histograms (abridged)},
 booktitle = {VLDB '2003: Proceedings of the 29th international conference on Very large data bases},
 year = {2003},
 isbn = {0-12-722442-4},
 pages = {19--30},
 location = {Berlin, Germany},
 publisher = {VLDB Endowment},
 }


@article{selinger-98,
 author = {P. Griffiths Selinger and M. M. Astrahan and D. D. Chamberlin and R. A. Lorie and T. G. Price},
 title = {Access path selection in a relational database management system},
 book = {Readings in database systems (3rd ed.)},
 year = {1998},
 isbn = {1-55860-523-1},
 pages = {141--152},
 publisher = {Morgan Kaufmann Publishers Inc.},
 address = {San Francisco, CA, USA},
 }
 
