@INPROCEEDINGS{Aboulnaga-99 ,
    author = {Ashraf Aboulnaga and Surajit Chaudhuri},
    title = {Self-tuning histograms: Building histograms without looking at data},
    booktitle = {},
    year = {1999},
    pages = {181--192}
}

@article{191874,
 author = {Chungmin Melvin Chen and Nick Roussopoulos},
 title = {Adaptive selectivity estimation using query feedback},
 journal = {SIGMOD Rec.},
 volume = {23},
 number = {2},
 year = {1994},
 issn = {0163-5808},
 pages = {161--172},
 doi = {http://doi.acm.org/10.1145/191843.191874},
 publisher = {ACM},
 address = {New York, NY, USA},
 }
 
 @INPROCEEDINGS{Gibbons-97,
    author = {Phillip B. Gibbons and Yossi Matias and Viswanath Poosala},
    title = {Fast Incremental Maintenance of Approximate Histograms},
    booktitle = {},
    year = {1997},
    pages = {466--475}
}


@article{astrahan-76,
  author    = {Morton M. Astrahan and
               Mike W. Blasgen and
               Donald D. Chamberlin and
               Kapali P. Eswaran and
               Jim Gray and
               Patricia P. Griffiths and
               W. Frank King III and
               Raymond A. Lorie and
               Paul R. McJones and
               James W. Mehl and
               Gianfranco R. Putzolu and
               Irving L. Traiger and
               Bradford W. Wade and
               Vera Watson},
  title     = {System {R}: Relational Approach to Database Management},
  journal   = {ACM Trans. Database Syst.},
  volume    = {1},
  number    = {2},
  year      = {1976},
  pages     = {97-137},
  ee        = {http://doi.acm.org/10.1145/320455.320457, db/journals/tods/AstrahanBCEGGKLMMPTWW76.html},
  bibsource = {DBLP, http://dblp.uni-trier.de}
}
